
% -------------------
% Kernel phase
% -------------------

@ARTICLE{martinache13,
   author = {{Martinache}, F.},
    title = "{The Asymmetric Pupil Fourier Wavefront Sensor}",
  journal = {\pasp},
archivePrefix = "arXiv",
   eprint = {1303.6678},
 primaryClass = "astro-ph.IM",
 keywords = {Astronomical Instrumentation},
     year = 2013,
    month = apr,
   volume = 125,
    pages = {422-430},
      doi = {10.1086/670670},
   adsurl = {http://adsabs.harvard.edu/abs/2013PASP..125..422M},
  adsnote = {Provided by the SAO/NASA Astrophysics Data System}
}

@INBOOK{martinache16,
       author = {{Martinache}, Frantz},
        title = "{Spectrally dispersed Fourier-phase analysis for redundant apertures}",
    booktitle = {\procspie},
         year = 2016,
       volume = {9907},
       series = {Society of Photo-Optical Instrumentation Engineers (SPIE) Conference Series},
          eid = {990712},
        pages = {990712},
          doi = {10.1117/12.2233395},
       adsurl = {https://ui.adsabs.harvard.edu/abs/2016SPIE.9907E..12M},
      adsnote = {Provided by the SAO/NASA Astrophysics Data System}
}


@INPROCEEDINGS{martinache_ao4elt,
   author = {{Martinache}, F.},
    title = "{Super resolution imaging with an ELT: Kernel-phase interferometry}",
booktitle = {Proceedings of the Third AO4ELT Conference},
     year = 2013,
archivePrefix = "arXiv",
   eprint = {1310.4335},
 primaryClass = "astro-ph.IM",
   editor = {{Esposito}, S. and {Fini}, L.},
    month = dec,
      eid = {6},
    pages = {6},
      doi = {10.12839/AO4ELT3.12659},
   adsurl = {http://adsabs.harvard.edu/abs/2013aoel.confE...6M},
  adsnote = {Provided by the SAO/NASA Astrophysics Data System}
}


@ARTICLE{martinache18,
   author = {{Martinache}, F. and {Ireland}, M.~J.},
    title = "{Kernel-nulling for a robust direct interferometric detection of extrasolar planets}",
  journal = {\aap},
archivePrefix = "arXiv",
   eprint = {1802.06252},
 primaryClass = "astro-ph.IM",
 keywords = {instrumentation: interferometers, techniques: high angular resolution, techniques: interferometric, planets and satellites: detection},
     year = 2018,
    month = nov,
   volume = 619,
      eid = {A87},
    pages = {A87},
      doi = {10.1051/0004-6361/201832847},
   adsurl = {https://ui.adsabs.harvard.edu/abs/2018A%26A...619A..87M},
  adsnote = {Provided by the SAO/NASA Astrophysics Data System}
}
@ARTICLE{martinache20,
       author = {{Martinache}, Frantz and {Ceau}, Alban and {Laugier}, Romain and
         {Kammerer}, Jens and {N'Diaye}, Mamadou and {Mary}, David and
         {Cvetojevic}, Nick and {Lopez}, Coline},
        title = "{Kernel-phase analysis: aperture modeling prescriptions that minimize calibration errors}",
      journal = {arXiv e-prints},
     keywords = {Astrophysics - Instrumentation and Methods for Astrophysics},
         year = 2020,
        month = mar,
          eid = {arXiv:2003.02032},
        pages = {arXiv:2003.02032},
archivePrefix = {arXiv},
       eprint = {2003.02032},
 primaryClass = {astro-ph.IM},
       adsurl = {https://ui.adsabs.harvard.edu/abs/2020arXiv200302032M},
      adsnote = {Provided by the SAO/NASA Astrophysics Data System}
}


@INPROCEEDINGS{martinache11,
   author = {{Martinache}, F.},
    title = "{Kernel-phases for high-contrast detection beyond the resolution limit}",
booktitle = {Society of Photo-Optical Instrumentation Engineers (SPIE) Conference Series},
     year = 2011,
   series = {Society of Photo-Optical Instrumentation Engineers (SPIE) Conference Series},
   volume = 8151,
archivePrefix = "arXiv",
   eprint = {1109.6047},
 primaryClass = "astro-ph.IM",
    month = sep,
      doi = {10.1117/12.894319},
   adsurl = {http://adsabs.harvard.edu/abs/2011SPIE.8151E..33M},
  adsnote = {Provided by the SAO/NASA Astrophysics Data System}
}

@ARTICLE{martinache10,
   author = {{Martinache}, F.},
    title = "{Kernel Phase in Fizeau Interferometry}",
  journal = {\apj},
archivePrefix = "arXiv",
   eprint = {1009.3933},
 primaryClass = "astro-ph.IM",
 keywords = {binaries: close, methods: data analysis, stars: low-mass, techniques: high angular resolution, techniques: image processing, techniques: interferometric},
     year = 2010,
    month = nov,
   volume = 724,
    pages = {464-469},
      doi = {10.1088/0004-637X/724/1/464},
   adsurl = {http://adsabs.harvard.edu/abs/2010ApJ...724..464M},
  adsnote = {Provided by the SAO/NASA Astrophysics Data System}
}
@ARTICLE{pope16,
       author = {{Pope}, Benjamin J.~S.},
        title = "{Kernel phase and kernel amplitude in Fizeau imaging}",
      journal = {\mnras},
     keywords = {instrumentation: adaptive optics, instrumentation: high angular resolution, instrumentation: interferometers, techniques: image processing, techniques: interferometric, Astrophysics - Instrumentation and Methods for Astrophysics},
         year = "2016",
        month = "Dec",
       volume = {463},
       number = {4},
        pages = {3573-3581},
          doi = {10.1093/mnras/stw2215},
archivePrefix = {arXiv},
       eprint = {1609.00200},
 primaryClass = {astro-ph.IM},
       adsurl = {https://ui.adsabs.harvard.edu/abs/2016MNRAS.463.3573P},
      adsnote = {Provided by the SAO/NASA Astrophysics Data System}
}

@article{metropolis53,
author = {Metropolis,Nicholas  and Rosenbluth,Arianna W.  and Rosenbluth,Marshall N.  and Teller,Augusta H.  and Teller,Edward },
title = {Equation of State Calculations by Fast Computing Machines},
journal = {The Journal of Chemical Physics},
volume = {21},
number = {6},
pages = {1087-1092},
year = {1953},
doi = {10.1063/1.1699114},
URL = { 
        https://doi.org/10.1063/1.1699114
},
eprint = { 
        https://doi.org/10.1063/1.1699114
}
}
@article{emcee,
   author = {{Foreman-Mackey}, D. and {Hogg}, D.~W. and {Lang}, D. and {Goodman}, J.},
    title = {emcee: The MCMC Hammer},
  journal = {PASP},
     year = 2013,
   volume = 125,
    pages = {306-312},
   eprint = {1202.3665},
      doi = {10.1086/670067}
}

@article{corner,
    Author = {Daniel Foreman-Mackey},
    Doi = {10.21105/joss.00024},
    Title = {corner.py: Scatterplot matrices in Python},
    Journal = {The Journal of Open Source Software},
    Year = 2016,
    Volume = 24,
    Url = {http://dx.doi.org/10.5281/zenodo.45906}
}


@ARTICLE{hinkley11,
       author = {{Hinkley}, Sasha and {Monnier}, John D. and {Oppenheimer}, Ben R. and
         {Roberts}, Lewis C., Jr. and {Ireland}, Michael and {Zimmerman}, Neil and
         {Brenner}, Douglas and {Parry}, Ian R. and {Martinache}, Frantz and
         {Lai}, Olivier and {Soummer}, R{\'e}mi and {Sivaramakrishnan}, Anand and
         {Beichman}, Charles and {Hillenbrand}, Lynne and {Zhao}, Ming and
         {Lloyd}, James P. and {Bernat}, David and {Vasisht}, Gautam and
         {Crepp}, Justin R. and {Pueyo}, Laurent and {Shao}, Michael and
         {Perrin}, Marshall D. and {King}, David L. and {Bouchez}, Antonin and
         {Roberts}, Jennifer E. and {Dekany}, Richard and {Burruss}, Rick},
        title = "{Establishing {\ensuremath{\alpha}} Oph as a Prototype Rotator: Improved Astrometric Orbit}",
      journal = {\apj},
     keywords = {instrumentation: adaptive optics, methods: data analysis, stars: individual: HIP86032, techniques: image processing, Astrophysics - Solar and Stellar Astrophysics, Astrophysics - Instrumentation and Methods for Astrophysics},
         year = 2011,
        month = jan,
       volume = {726},
       number = {2},
          eid = {104},
        pages = {104},
          doi = {10.1088/0004-637X/726/2/104},
archivePrefix = {arXiv},
       eprint = {1010.4028},
 primaryClass = {astro-ph.SR},
       adsurl = {https://ui.adsabs.harvard.edu/abs/2011ApJ...726..104H},
      adsnote = {Provided by the SAO/NASA Astrophysics Data System}
}

@ARTICLE{palomar,
       author = {{Pope}, Benjamin and {Tuthill}, Peter and {Hinkley}, Sasha and {Ireland
        }, Michael J. and {Greenbaum}, Alexandra and {Latyshev}, Alexey and
         {Monnier}, John D. and {Martinache}, Frantz},
        title = "{The Palomar kernel-phase experiment: testing kernel phase interferometry for ground-based astronomical observations}",
      journal = {\mnras},
     keywords = {instrumentation: adaptive optics, instrumentation: high angular resolution, techniques: image processing, techniques: interferometric, Astrophysics - Instrumentation and Methods for Astrophysics},
         year = "2016",
        month = "Jan",
       volume = {455},
       number = {2},
        pages = {1647-1653},
          doi = {10.1093/mnras/stv2442},
archivePrefix = {arXiv},
       eprint = {1510.06406},
 primaryClass = {astro-ph.IM},
       adsurl = {https://ui.adsabs.harvard.edu/abs/2016MNRAS.455.1647P},
      adsnote = {Provided by the SAO/NASA Astrophysics Data System}
}

@ARTICLE{pope14,
       author = {{Pope}, Benjamin and {Cvetojevic}, Nick and {Cheetham}, Anthony and
         {Martinache}, Frantz and {Norris}, Barnaby and {Tuthill}, Peter},
        title = "{A demonstration of wavefront sensing and mirror phasing from the image domain}",
      journal = {\mnras},
     keywords = {instrumentation: adaptive optics, techniques: high angular resolution, techniques: image processing, techniques: interferometric, Astrophysics - Instrumentation and Methods for Astrophysics},
         year = "2014",
        month = "May",
       volume = {440},
       number = {1},
        pages = {125-133},
          doi = {10.1093/mnras/stu218},
archivePrefix = {arXiv},
       eprint = {1401.7566},
 primaryClass = {astro-ph.IM},
       adsurl = {https://ui.adsabs.harvard.edu/abs/2014MNRAS.440..125P},
      adsnote = {Provided by the SAO/NASA Astrophysics Data System}
}

@ARTICLE{pope13,
       author = {{Pope}, Benjamin and {Martinache}, Frantz and {Tuthill}, Peter},
        title = "{Dancing in the Dark: New Brown Dwarf Binaries from Kernel Phase Interferometry}",
      journal = {\apj},
     keywords = {brown dwarfs, stars: formation, stars: low-mass, techniques: high angular resolution, techniques: image processing, techniques: interferometric, Astrophysics - Solar and Stellar Astrophysics, Astrophysics - Earth and Planetary Astrophysics, Astrophysics - Instrumentation and Methods for Astrophysics},
         year = "2013",
        month = "Apr",
       volume = {767},
       number = {2},
          eid = {110},
        pages = {110},
          doi = {10.1088/0004-637X/767/2/110},
archivePrefix = {arXiv},
       eprint = {1302.6682},
 primaryClass = {astro-ph.SR},
       adsurl = {https://ui.adsabs.harvard.edu/abs/2013ApJ...767..110P},
      adsnote = {Provided by the SAO/NASA Astrophysics Data System}
}


@INPROCEEDINGS{hinkley15,
   author = {{Hinkley}, S. and {Pope}, B. and {Martinache}, F. and {Hillenbrand}, L. and 
  {Kraus}, A.~L. and {Ireland}, M. and {Oppenheimer}, B.~R. and 
  {Rice}, E.~L. and {Monnier}, J.~D. and {Tuthill}, P. and {Latyshev}, A.
  },
    title = "{The Surprising Outburst Behavior of Z Canis Majoris, and Resolving the Alpha Oph Companion Near the Diffraction limit}",
booktitle = {American Astronomical Society Meeting Abstracts},
     year = 2015,
   series = {American Astronomical Society Meeting Abstracts},
   volume = 225,
    month = jan,
    pages = {313.02},
   adsurl = {http://adsabs.harvard.edu/abs/2015AAS...22531302H},
  adsnote = {Provided by the SAO/NASA Astrophysics Data System}
}


@ARTICLE{sallum19b,
   author = {{Sallum}, S. and {Skemer}, A. and {Eisner}, J. and {van der Marel}, N. and 
	{Sheehan}, P. and {Close}, L. and {Ireland}, M. and {Males}, J. and 
	{Morzinski}, K. and {Bailey}, V. and {Briguglio}, R. and {Puglisi}, A.
	},
    title = "{New Spatially Resolved Imaging of the SR 21 Transition Disk and Constraints on the Small-Grain Disk Geometry}",
  journal = {arXiv e-prints},
archivePrefix = "arXiv",
   eprint = {1908.07427},
 primaryClass = "astro-ph.SR",
 keywords = {Astrophysics - Solar and Stellar Astrophysics, Astrophysics - Earth and Planetary Astrophysics, Astrophysics - Instrumentation and Methods for Astrophysics},
     year = 2019,
    month = aug,
   adsurl = {https://ui.adsabs.harvard.edu/abs/2019arXiv190807427S},
  adsnote = {Provided by the SAO/NASA Astrophysics Data System}
}

@ARTICLE{sallum15,
   author = {{Sallum}, S. and {Follette}, K.~B. and {Eisner}, J.~A. and {Close}, L.~M. and 
	{Hinz}, P. and {Kratter}, K. and {Males}, J. and {Skemer}, A. and 
	{Macintosh}, B. and {Tuthill}, P. and {Bailey}, V. and {Defr{\`e}re}, D. and 
	{Morzinski}, K. and {Rodigas}, T. and {Spalding}, E. and {Vaz}, A. and 
	{Weinberger}, A.~J.},
    title = "{Accreting protoplanets in the LkCa 15 transition disk}",
  journal = {\nat},
archivePrefix = "arXiv",
   eprint = {1511.07456},
 primaryClass = "astro-ph.EP",
     year = 2015,
    month = nov,
   volume = 527,
    pages = {342-344},
      doi = {10.1038/nature15761},
   adsurl = {https://ui.adsabs.harvard.edu/abs/2015Natur.527..342S},
  adsnote = {Provided by the SAO/NASA Astrophysics Data System}
}

@ARTICLE{kammerer19,
   author = {{Kammerer}, J. and {Ireland}, M.~J. and {Martinache}, F. and 
	{Girard}, J.~H.},
    title = "{Kernel phase imaging with VLT/NACO: high-contrast detection of new candidate low-mass stellar companions at the diffraction limit}",
  journal = {\mnras},
archivePrefix = "arXiv",
   eprint = {1903.11252},
 primaryClass = "astro-ph.EP",
 keywords = {planets and satellites: detection, planets and satellites: formation, techniques: high angular resolution, techniques: image processing, techniques: interferometric, binaries: close},
     year = 2019,
    month = jun,
   volume = 486,
    pages = {639-654},
      doi = {10.1093/mnras/stz882},
   adsurl = {https://ui.adsabs.harvard.edu/abs/2019MNRAS.486..639K},
  adsnote = {Provided by the SAO/NASA Astrophysics Data System}
}


@ARTICLE{ceau19,
   author = {{Ceau}, A. and {Mary}, D. and {Greenbaum}, A. and {Martinache}, F. and 
	{Sivaramakrishnan}, A. and {Laugier}, R. and {N'Diaye}, M.},
    title = "{Kernel-phase Detection Limits : Hypothesis Testing and the Example of JWST NIRISS Full Pupil Images}",
  journal = {arXiv e-prints},
archivePrefix = "arXiv",
   eprint = {1908.03130},
 primaryClass = "astro-ph.IM",
 keywords = {Astrophysics - Instrumentation and Methods for Astrophysics, Astrophysics - Solar and Stellar Astrophysics},
     year = 2019,
    month = aug,
   adsurl = {https://ui.adsabs.harvard.edu/abs/2019arXiv190803130C},
  adsnote = {Provided by the SAO/NASA Astrophysics Data System}
}

@ARTICLE{sallum19a,
       author = {{Sallum}, Steph and {Skemer}, Andy},
        title = "{Comparing nonredundant masking and filled-aperture kernel phase for exoplanet detection and characterization}",
      journal = {Journal of Astronomical Telescopes, Instruments, and Systems},
     keywords = {Astrophysics - Instrumentation and Methods for Astrophysics},
         year = "2019",
        month = "Jan",
       volume = {5},
          eid = {018001},
        pages = {018001},
          doi = {10.1117/1.JATIS.5.1.018001},
archivePrefix = {arXiv},
       eprint = {1901.01266},
 primaryClass = {astro-ph.IM},
       adsurl = {https://ui.adsabs.harvard.edu/abs/2019JATIS...5a8001S},
      adsnote = {Provided by the SAO/NASA Astrophysics Data System}
}

@ARTICLE{ireland13,
   author = {{Ireland}, M.~J.},
    title = "{Phase errors in diffraction-limited imaging: contrast limits for sparse aperture masking}",
  journal = {\mnras},
archivePrefix = "arXiv",
   eprint = {1301.6205},
 primaryClass = "astro-ph.IM",
 keywords = {instrumentation: adaptive optics, instrumentation: high angular resolution, techniques: image processing, techniques: interferometric},
     year = 2013,
    month = aug,
   volume = 433,
    pages = {1718-1728},
      doi = {10.1093/mnras/stt859},
   adsurl = {https://ui.adsabs.harvard.edu/abs/2013MNRAS.433.1718I},
  adsnote = {Provided by the SAO/NASA Astrophysics Data System}
}

@ARTICLE{laugier19,
       author = {{Laugier}, R. and {Martinache}, F. and {Ceau}, A. and {Mary}, D. and
         {N'Diaye}, M. and {Beuzit}, J. -L.},
        title = "{Recovering saturated images for high dynamic kernel-phase analysis. Application to the determination of dynamical masses for the system Gl 494AB}",
      journal = {\aap},
     keywords = {techniques: image processing, techniques: interferometric, techniques: high angular resolution, stars: low-mass, binaries: close, Astrophysics - Instrumentation and Methods for Astrophysics},
         year = "2019",
        month = "Mar",
       volume = {623},
          eid = {A164},
        pages = {A164},
          doi = {10.1051/0004-6361/201834387},
archivePrefix = {arXiv},
       eprint = {1901.02824},
 primaryClass = {astro-ph.IM},
       adsurl = {https://ui.adsabs.harvard.edu/abs/2019A&A...623A.164L},
      adsnote = {Provided by the SAO/NASA Astrophysics Data System}
}

@ARTICLE{martinache19,
       author = {{Martinache}, Frantz},
        title = "{Diffraction-dominated observational astronomy}",
      journal = {arXiv e-prints},
     keywords = {Astrophysics - Instrumentation and Methods for Astrophysics},
         year = "2019",
        month = "Apr",
          eid = {arXiv:1904.02087},
        pages = {arXiv:1904.02087},
archivePrefix = {arXiv},
       eprint = {1904.02087},
 primaryClass = {astro-ph.IM},
       adsurl = {https://ui.adsabs.harvard.edu/abs/2019arXiv190402087M},
      adsnote = {Provided by the SAO/NASA Astrophysics Data System}
}

@ARTICLE{bandeira17,
       author = {{Bandeira}, Afonso S. and {Blum-Smith}, Ben and {Kileel}, Joe and
         {Perry}, Amelia and {Weed}, Jonathan and {Wein}, Alexander S.},
        title = "{Estimation under group actions: recovering orbits from invariants}",
      journal = {arXiv e-prints},
     keywords = {Mathematics - Statistics Theory, Computer Science - Data Structures and Algorithms, Computer Science - Information Theory, Mathematics - Commutative Algebra, 62F10, 92C55, 16W22},
         year = "2017",
        month = "Dec",
          eid = {arXiv:1712.10163},
        pages = {arXiv:1712.10163},
archivePrefix = {arXiv},
       eprint = {1712.10163},
 primaryClass = {math.ST},
       adsurl = {https://ui.adsabs.harvard.edu/abs/2017arXiv171210163B},
      adsnote = {Provided by the SAO/NASA Astrophysics Data System}
}

@ARTICLE{pueyo16,
   author = {{Pueyo}, L.},
    title = "{Detection and Characterization of Exoplanets using Projections on Karhunen Loeve Eigenimages: Forward Modeling}",
  journal = {\apj},
archivePrefix = "arXiv",
   eprint = {1604.06097},
 primaryClass = "astro-ph.IM",
 keywords = {planetary systems, techniques: image processing},
     year = 2016,
    month = jun,
   volume = 824,
      eid = {117},
    pages = {117},
      doi = {10.3847/0004-637X/824/2/117},
   adsurl = {https://ui.adsabs.harvard.edu/abs/2016ApJ...824..117P},
  adsnote = {Provided by the SAO/NASA Astrophysics Data System}
}
@ARTICLE{2019arXiv191212256G,
       author = {{Guo}, Xianxin and {Barrett}, Thomas D. and {Wang}, Zhiming M. and
         {Lvovsky}, A.~I.},
        title = "{End-to-end optical backpropagation for training neural networks}",
      journal = {arXiv e-prints},
     keywords = {Computer Science - Emerging Technologies, Electrical Engineering and Systems Science - Signal Processing, Physics - Optics},
         year = "2019",
        month = "Dec",
          eid = {arXiv:1912.12256},
        pages = {arXiv:1912.12256},
archivePrefix = {arXiv},
       eprint = {1912.12256},
 primaryClass = {cs.ET},
       adsurl = {https://ui.adsabs.harvard.edu/abs/2019arXiv191212256G},
      adsnote = {Provided by the SAO/NASA Astrophysics Data System}
}

@ARTICLE{bloemhof01,
       author = {{Bloemhof}, E.~E. and {Dekany}, R.~G. and {Troy}, M. and
         {Oppenheimer}, B.~R.},
        title = "{Behavior of Remnant Speckles in an Adaptively Corrected Imaging System}",
      journal = {\apjl},
     keywords = {Instrumentation: Adaptive Optics, Turbulence},
         year = "2001",
        month = "Sep",
       volume = {558},
       number = {1},
        pages = {L71-L74},
          doi = {10.1086/323494},
       adsurl = {https://ui.adsabs.harvard.edu/abs/2001ApJ...558L..71B},
      adsnote = {Provided by the SAO/NASA Astrophysics Data System}
}
@ARTICLE{anand02,
       author = {{Sivaramakrishnan}, Anand and {Lloyd}, James P. and {Hodge}, Philip E. and
         {Macintosh}, Bruce A.},
        title = "{Speckle Decorrelation and Dynamic Range in Speckle Noise-limited Imaging}",
      journal = {\apjl},
     keywords = {Instrumentation: Adaptive Optics, Methods: Analytical, Methods: Numerical, Space Vehicles: Instruments, Techniques: Image Processing},
         year = "2002",
        month = "Dec",
       volume = {581},
       number = {1},
        pages = {L59-L62},
          doi = {10.1086/345826},
       adsurl = {https://ui.adsabs.harvard.edu/abs/2002ApJ...581L..59S},
      adsnote = {Provided by the SAO/NASA Astrophysics Data System}
}
@ARTICLE{perrin03,
       author = {{Perrin}, Marshall D. and {Sivaramakrishnan}, Anand and
         {Makidon}, Russell B. and {Oppenheimer}, Ben R. and {Graham}, James R.},
        title = "{The Structure of High Strehl Ratio Point-Spread Functions}",
      journal = {\apj},
     keywords = {Stars: Circumstellar Matter, Instrumentation: Adaptive Optics, Methods: Analytical, Methods: Numerical, Stars: Planetary Systems, Techniques: Image Processing, Astrophysics},
         year = "2003",
        month = "Oct",
       volume = {596},
       number = {1},
        pages = {702-712},
          doi = {10.1086/377689},
archivePrefix = {arXiv},
       eprint = {astro-ph/0306468},
 primaryClass = {astro-ph},
       adsurl = {https://ui.adsabs.harvard.edu/abs/2003ApJ...596..702P},
      adsnote = {Provided by the SAO/NASA Astrophysics Data System}
}

@INPROCEEDINGS{laugier19b,
       author = {{Laugier}, R. and {Martinache}, F.},
        title = "{Reconciling coronagraphy and kernel-phase for direct detection of exoplanets}",
     keywords = {High angular resolution, high contrast, image processing, kernel-phase},
    booktitle = {SF2A-2019: Proceedings of the Annual meeting of the French Society of Astronomy and Astrophysics},
         year = "2019",
        month = "Dec",
        pages = {Di},
       adsurl = {https://ui.adsabs.harvard.edu/abs/2019sf2a.conf..231L},
      adsnote = {Provided by the SAO/NASA Astrophysics Data System}
}
@inproceedings{lecun1988theoretical,
  title={A theoretical framework for back-propagation},
  author={LeCun, Yann and Touresky, D and Hinton, G and Sejnowski, T},
  booktitle={Proceedings of the 1988 connectionist models summer school},
  volume={1},
  pages={21--28},
  year={1988},
  organization={CMU, Pittsburgh, Pa: Morgan Kaufmann}
}
@ARTICLE{carlotti11,
       author = {{Carlotti}, A. and {Vanderbei}, R. and {Kasdin}, N.~J.},
        title = "{Optimal pupil apodizations of arbitrary apertures for high-contrast imaging}",
      journal = {Optics Express},
         year = "2011",
        month = "Dec",
       volume = {19},
       number = {27},
        pages = {26796},
          doi = {10.1364/OE.19.026796},
       adsurl = {https://ui.adsabs.harvard.edu/abs/2011OExpr..1926796C},
      adsnote = {Provided by the SAO/NASA Astrophysics Data System}
}
@ARTICLE{guyon03,
       author = {{Guyon}, O.},
        title = "{Phase-induced amplitude apodization of telescope pupils  for extrasolar terrestrial planet imaging}",
      journal = {\aap},
     keywords = {techniques: high angular resolution, stars: planetary systems, telescopes, Astrophysics},
         year = "2003",
        month = "Jun",
       volume = {404},
        pages = {379-387},
          doi = {10.1051/0004-6361:20030457},
archivePrefix = {arXiv},
       eprint = {astro-ph/0301190},
 primaryClass = {astro-ph},
       adsurl = {https://ui.adsabs.harvard.edu/abs/2003A&A...404..379G},
      adsnote = {Provided by the SAO/NASA Astrophysics Data System}
}

@INBOOK{sutin16,
       author = {{Sutin}, Brian M.},
        title = "{An optical toolbox for astronomical instrumentation}",
    booktitle = {\procspie},
         year = "2016",
       volume = {9911},
       series = {Society of Photo-Optical Instrumentation Engineers (SPIE) Conference Series},
          eid = {99112J},
        pages = {99112J},
          doi = {10.1117/12.2233677},
       adsurl = {https://ui.adsabs.harvard.edu/abs/2016SPIE.9911E..2JS},
      adsnote = {Provided by the SAO/NASA Astrophysics Data System}
}
@article{werner2012,
  title={Automatic Differentiation in the Optimization of Imaging Optical Systems},
  author={Werner, J{\"u}rgen and Hillenbrand, Matthias and Hoffmann, Armin and Sinzinger, Stefan and others},
  journal={Schedae Informaticae},
  volume={2012},
  number={Volume 21},
  pages={169--175},
  year={2012},
  publisher={Portal Czasopism Naukowych Ejournals. eu}
}
@ARTICLE{morningstar18,
       author = {{Morningstar}, Warren R. and {Hezaveh}, Yashar D. and
         {Perreault Levasseur}, Laurence and {Blandford}, Roger D. and
         {Marshall}, Philip J. and {Putzky}, Patrick and {Wechsler}, Risa H.},
        title = "{Analyzing interferometric observations of strong gravitational lenses with recurrent and convolutional neural networks}",
      journal = {arXiv e-prints},
     keywords = {Astrophysics - Instrumentation and Methods for Astrophysics, Astrophysics - Cosmology and Nongalactic Astrophysics},
         year = "2018",
        month = "Jul",
          eid = {arXiv:1808.00011},
        pages = {arXiv:1808.00011},
archivePrefix = {arXiv},
       eprint = {1808.00011},
 primaryClass = {astro-ph.IM},
       adsurl = {https://ui.adsabs.harvard.edu/abs/2018arXiv180800011M},
      adsnote = {Provided by the SAO/NASA Astrophysics Data System}
}

@article {Dueaay3700,
	author = {Du, Ming and Nashed, Youssef S. G. and Kandel, Saugat and G{\"u}rsoy, Do{\u g}a and Jacobsen, Chris},
	title = {Three dimensions, two microscopes, one code: Automatic differentiation for x-ray nanotomography beyond the depth of focus limit},
	volume = {6},
	number = {13},
	elocation-id = {eaay3700},
	year = {2020},
	doi = {10.1126/sciadv.aay3700},
	publisher = {American Association for the Advancement of Science},
	URL = {https://advances.sciencemag.org/content/6/13/eaay3700},
	eprint = {https://advances.sciencemag.org/content/6/13/eaay3700.full.pdf},
	journal = {Science Advances}
}

@article{williams2006,
  title = {Fresnel Coherent Diffractive Imaging},
  author = {Williams, G. J. and Quiney, H. M. and Dhal, B. B. and Tran, C. Q. and Nugent, K. A. and Peele, A. G. and Paterson, D. and de Jonge, M. D.},
  journal = {Phys. Rev. Lett.},
  volume = {97},
  issue = {2},
  pages = {025506},
  numpages = {4},
  year = {2006},
  month = {Jul},
  publisher = {American Physical Society},
  doi = {10.1103/PhysRevLett.97.025506},
  url = {https://link.aps.org/doi/10.1103/PhysRevLett.97.025506}
}

@software{czekala19,
    author       = {Ian Czekala},
    title        = {iancze/MPoL: Base version},
    month        = dec,
    year         = 2019,
    publisher    = {Zenodo},
    version      = {v0.0.1},
    doi          = {10.5281/zenodo.3594082},
    url          = {https://doi.org/10.5281/zenodo.3594082}
}
@ARTICLE{morningstar19,
       author = {{Morningstar}, Warren R. and {Perreault Levasseur}, Laurence and
         {Hezaveh}, Yashar D. and {Blandford}, Roger and {Marshall}, Phil and
         {Putzky}, Patrick and {Rueter}, Thomas D. and {Wechsler}, Risa and
         {Welling}, Max},
        title = "{Data-driven Reconstruction of Gravitationally Lensed Galaxies Using Recurrent Inference Machines}",
      journal = {\apj},
     keywords = {Convolutional neural networks, Strong gravitational lensing, Neural networks, Astrophysics - Instrumentation and Methods for Astrophysics, Astrophysics - Cosmology and Nongalactic Astrophysics, Astrophysics - Astrophysics of Galaxies},
         year = "2019",
        month = "Sep",
       volume = {883},
       number = {1},
          eid = {14},
        pages = {14},
          doi = {10.3847/1538-4357/ab35d7},
archivePrefix = {arXiv},
       eprint = {1901.01359},
 primaryClass = {astro-ph.IM},
       adsurl = {https://ui.adsabs.harvard.edu/abs/2019ApJ...883...14M},
      adsnote = {Provided by the SAO/NASA Astrophysics Data System}
}
@ARTICLE{chianese19,
       author = {{Chianese}, Marco and {Coogan}, Adam and {Hofma}, Paul and
         {Otten}, Sydney and {Weniger}, Christoph},
        title = "{Differentiable Strong Lensing: Uniting Gravity and Neural Nets through Differentiable Probabilistic Programming}",
      journal = {arXiv e-prints},
     keywords = {Astrophysics - Cosmology and Nongalactic Astrophysics, Astrophysics - Astrophysics of Galaxies, Astrophysics - Instrumentation and Methods for Astrophysics, High Energy Physics - Phenomenology},
         year = "2019",
        month = "Oct",
          eid = {arXiv:1910.06157},
        pages = {arXiv:1910.06157},
archivePrefix = {arXiv},
       eprint = {1910.06157},
 primaryClass = {astro-ph.CO},
       adsurl = {https://ui.adsabs.harvard.edu/abs/2019arXiv191006157C},
      adsnote = {Provided by the SAO/NASA Astrophysics Data System}
}




@article{hughes18,
author = {Hughes, Tyler W. and Minkov, Momchil and Williamson, Ian A. D. and Fan, Shanhui},
title = {Adjoint Method and Inverse Design for Nonlinear Nanophotonic Devices},
journal = {ACS Photonics},
volume = {5},
number = {12},
pages = {4781-4787},
year = {2018},
doi = {10.1021/acsphotonics.8b01522},
URL = {https://doi.org/10.1021/acsphotonics.8b01522},
eprint = {https://doi.org/10.1021/acsphotonics.8b01522}
}

@ARTICLE{guo19,
       author = {{Guo}, Xianxin and {Barrett}, Thomas D. and {Wang}, Zhiming M. and
         {Lvovsky}, A.~I.},
        title = "{End-to-end optical backpropagation for training neural networks}",
      journal = {arXiv e-prints},
     keywords = {Computer Science - Emerging Technologies, Electrical Engineering and Systems Science - Signal Processing, Physics - Optics},
         year = "2019",
        month = "Dec",
          eid = {arXiv:1912.12256},
        pages = {arXiv:1912.12256},
archivePrefix = {arXiv},
       eprint = {1912.12256},
 primaryClass = {cs.ET},
       adsurl = {https://ui.adsabs.harvard.edu/abs/2019arXiv191212256G},
      adsnote = {Provided by the SAO/NASA Astrophysics Data System}
}


@article {hughes19,
	author = {Hughes, Tyler W. and Williamson, Ian A. D. and Minkov, Momchil and Fan, Shanhui},
	title = {Wave physics as an analog recurrent neural network},
	volume = {5},
	number = {12},
	elocation-id = {eaay6946},
	year = {2019},
	doi = {10.1126/sciadv.aay6946},
	publisher = {American Association for the Advancement of Science},
	URL = {https://advances.sciencemag.org/content/5/12/eaay6946},
	eprint = {https://advances.sciencemag.org/content/5/12/eaay6946.full.pdf},
	journal = {Science Advances}
}

@ARTICLE{guyon12,
       author = {{Guyon}, Olivier and {Bendek}, Eduardo A. and {Eisner}, Josh A. and
         {Angel}, Roger and {Woolf}, Neville J. and {Milster}, Thomas D. and
         {Ammons}, S. Mark and {Shao}, Michael and {Shaklan}, Stuart and
         {Levine}, Marie and {Nemati}, Bijan and {Pitman}, Joe and
         {Woodruff}, Robert A. and {Belikov}, Ruslan},
        title = "{High-precision Astrometry with a Diffractive Pupil Telescope}",
      journal = {\apjs},
     keywords = {astrometry, planets and satellites: detection, techniques: high angular resolution, telescopes, Astrophysics - Instrumentation and Methods for Astrophysics},
         year = "2012",
        month = "Jun",
       volume = {200},
       number = {2},
          eid = {11},
        pages = {11},
          doi = {10.1088/0067-0049/200/2/11},
archivePrefix = {arXiv},
       eprint = {1304.0370},
 primaryClass = {astro-ph.IM},
       adsurl = {https://ui.adsabs.harvard.edu/abs/2012ApJS..200...11G},
      adsnote = {Provided by the SAO/NASA Astrophysics Data System}
}

@INPROCEEDINGS{tuthill18,
       author = {{Tuthill}, Peter and {Bendek}, Eduardo and {Guyon}, Olivier and
         {Horton}, Anthony and {Jeffries}, Bryn and {Jovanovic}, Nemanja and
         {Klupar}, Pete and {Larkin}, Kieran and {Norris}, Barnaby and
         {Pope}, Benjamin and {Shao}, Mike},
        title = "{The TOLIMAN space telescope}",
    booktitle = {\procspie},
         year = "2018",
       series = {Society of Photo-Optical Instrumentation Engineers (SPIE) Conference Series},
       volume = {10701},
        month = "Jul",
          eid = {107011J},
        pages = {107011J},
          doi = {10.1117/12.2313269},
       adsurl = {https://ui.adsabs.harvard.edu/abs/2018SPIE10701E..1JT},
      adsnote = {Provided by the SAO/NASA Astrophysics Data System}
}
@INPROCEEDINGS{doelman18,
       author = {{Doelman}, D.~S. and {Tuthill}, P. and {Norris}, B. and {Wilby}, M.~J. and
         {Por}, E.~H. and {Keller}, C.~U. and {Escuti}, M.~J. and {Snik}, F.},
        title = "{Multiplexed holographic aperture masking with liquid-crystal geometric phase masks}",
     keywords = {Astrophysics - Instrumentation and Methods for Astrophysics},
    booktitle = {\procspie},
         year = 2018,
       series = {Society of Photo-Optical Instrumentation Engineers (SPIE) Conference Series},
       volume = {10701},
        month = jul,
          eid = {107010T},
        pages = {107010T},
          doi = {10.1117/12.2313547},
archivePrefix = {arXiv},
       eprint = {1808.00751},
 primaryClass = {astro-ph.IM},
       adsurl = {https://ui.adsabs.harvard.edu/abs/2018SPIE10701E..0TD},
      adsnote = {Provided by the SAO/NASA Astrophysics Data System}
}



@ARTICLE{gpipol,
       author = {{Perrin}, Marshall D. and {Duchene}, Gaspard and
         {Millar-Blanchaer}, Max and {Fitzgerald}, Michael P. and
         {Graham}, James R. and {Wiktorowicz}, Sloane J. and {Kalas}, Paul G. and
         {Macintosh}, Bruce and {Bauman}, Brian and {Cardwell}, Andrew and
         {Chilcote}, Jeffrey and {De Rosa}, Robert J. and {Dillon}, Daren and
         {Doyon}, Ren{\'e} and {Dunn}, Jennifer and {Erikson}, Darren and
         {Gavel}, Donald and {Goodsell}, Stephen and {Hartung}, Markus and
         {Hibon}, Pascale and {Ingraham}, Patrick and {Kerley}, Daniel and
         {Konapacky}, Quinn and {Larkin}, James E. and {Maire}, J{\'e}r{\^o}me and
         {Marchis}, Franck and {Marois}, Christian and {Mittal}, Tushar and
         {Morzinski}, Katie M. and {Oppenheimer}, B.~R. and {Palmer}, David W. and
         {Patience}, Jennifer and {Poyneer}, Lisa and {Pueyo}, Laurent and
         {Rantakyr{\"o}}, Fredrik T. and {Sadakuni}, Naru and
         {Saddlemyer}, Leslie and {Savransky}, Dmitry and {Soummer}, R{\'e}mi and
         {Sivaramakrishnan}, Anand and {Song}, Inseok and {Thomas}, Sandrine and
         {Wallace}, J. Kent and {Wang}, Jason J. and {Wolff}, Schuyler G.},
        title = "{Polarimetry with the Gemini Planet Imager: Methods, Performance at First Light, and the Circumstellar Ring around HR 4796A}",
      journal = {\apj},
     keywords = {circumstellar matter, instrumentation: adaptive optics, instrumentation: high angular resolution, instrumentation: polarimeters, polarization, stars: individual: HR 4796A, Astrophysics - Earth and Planetary Astrophysics, Astrophysics - Instrumentation and Methods for Astrophysics},
         year = 2015,
        month = feb,
       volume = {799},
       number = {2},
          eid = {182},
        pages = {182},
          doi = {10.1088/0004-637X/799/2/182},
archivePrefix = {arXiv},
       eprint = {1407.2495},
 primaryClass = {astro-ph.EP},
       adsurl = {https://ui.adsabs.harvard.edu/abs/2015ApJ...799..182P},
      adsnote = {Provided by the SAO/NASA Astrophysics Data System}
}


@ARTICLE{vampires,
       author = {{Norris}, Barnaby and {Tuthill}, Peter and {Jovanovic}, Nemanja and
         {Schworer}, Guillaume and {Guyon}, Olivier and {Stewart}, Paul and
         {Martinache}, Frantz},
        title = "{The VAMPIRES instrument: Imaging the innermost regions of protoplanetary disks with polarimetric interferometry}",
      journal = {arXiv e-prints},
     keywords = {Astrophysics - Instrumentation and Methods for Astrophysics},
         year = 2014,
        month = may,
          eid = {arXiv:1405.7426},
        pages = {arXiv:1405.7426},
archivePrefix = {arXiv},
       eprint = {1405.7426},
 primaryClass = {astro-ph.IM},
       adsurl = {https://ui.adsabs.harvard.edu/abs/2014arXiv1405.7426N},
      adsnote = {Provided by the SAO/NASA Astrophysics Data System}
}
@ARTICLE{martinache16b,
       author = {{Martinache}, Frantz and {Jovanovic}, Nemanja and {Guyon}, Olivier},
        title = "{Closed-loop focal plane wavefront control with the SCExAO instrument}",
      journal = {\aap},
     keywords = {instrumentation: adaptive optics, methods: data analysis, techniques: high angular resolution, techniques: interferometric, Astrophysics - Instrumentation and Methods for Astrophysics},
         year = 2016,
        month = sep,
       volume = {593},
          eid = {A33},
        pages = {A33},
          doi = {10.1051/0004-6361/201628496},
archivePrefix = {arXiv},
       eprint = {1604.08787},
 primaryClass = {astro-ph.IM},
       adsurl = {https://ui.adsabs.harvard.edu/abs/2016A&A...593A..33M},
      adsnote = {Provided by the SAO/NASA Astrophysics Data System}
}

@ARTICLE{nashed19,
       author = {{Nashed}, Youssef S.~G. and {Kandel}, Saugat and {Du}, Ming and
         {Jacobsen}, Chris},
        title = "{Learning Phase Retrieval with Backpropagation}",
      journal = {Microscopy and Microanalysis},
         year = 2019,
        month = aug,
       volume = {25},
       number = {S2},
        pages = {62-63},
          doi = {10.1017/S1431927619001041},
       adsurl = {https://ui.adsabs.harvard.edu/abs/2019MiMic..25S..62N},
      adsnote = {Provided by the SAO/NASA Astrophysics Data System}
}
@ARTICLE{soummer07,
       author = {{Soummer}, R. and {Pueyo}, L. and {Sivaramakrishnan}, A. and {Vand
        erbei}, R.~J.},
        title = "{Fast computation of Lyot-style coronagraph propagation}",
      journal = {Optics Express},
     keywords = {Astrophysics},
         year = 2007,
        month = jan,
       volume = {15},
       number = {24},
        pages = {15935},
          doi = {10.1364/OE.15.015935},
archivePrefix = {arXiv},
       eprint = {0711.0368},
 primaryClass = {astro-ph},
       adsurl = {https://ui.adsabs.harvard.edu/abs/2007OExpr..1515935S},
      adsnote = {Provided by the SAO/NASA Astrophysics Data System}
}

@ARTICLE{sparks02,
       author = {{Sparks}, William B. and {Ford}, Holland C.},
        title = "{Imaging Spectroscopy for Extrasolar Planet Detection}",
      journal = {\apj},
     keywords = {Instrumentation: Miscellaneous, Methods: Analytical, Stars: Planetary Systems, Astrophysics},
         year = 2002,
        month = oct,
       volume = {578},
       number = {1},
        pages = {543-564},
          doi = {10.1086/342401},
archivePrefix = {arXiv},
       eprint = {astro-ph/0209078},
 primaryClass = {astro-ph},
       adsurl = {https://ui.adsabs.harvard.edu/abs/2002ApJ...578..543S},
      adsnote = {Provided by the SAO/NASA Astrophysics Data System}
}
@ARTICLE{malbet95,
       author = {{Malbet}, F. and {Yu}, J.~W. and {Shao}, M.},
        title = "{High-Dynamic-Range Imaging Using a Deformable Mirror for Space Coronography}",
      journal = {\pasp},
     keywords = {TECHNIQUES: IMAGE PROCESSING, METHODS: NUMERICAL, Astrophysics},
         year = 1995,
        month = apr,
       volume = {107},
        pages = {386},
          doi = {10.1086/133563},
archivePrefix = {arXiv},
       eprint = {astro-ph/9502042},
 primaryClass = {astro-ph},
       adsurl = {https://ui.adsabs.harvard.edu/abs/1995PASP..107..386M},
      adsnote = {Provided by the SAO/NASA Astrophysics Data System}
}


@ARTICLE{soummer12,
       author = {{Soummer}, R{\'e}mi and {Pueyo}, Laurent and {Larkin}, James},
        title = "{Detection and Characterization of Exoplanets and Disks Using Projections on Karhunen-Lo{\`e}ve Eigenimages}",
      journal = {\apjl},
     keywords = {methods: data analysis, techniques: image processing, Astrophysics - Instrumentation and Methods for Astrophysics},
         year = 2012,
        month = aug,
       volume = {755},
       number = {2},
          eid = {L28},
        pages = {L28},
          doi = {10.1088/2041-8205/755/2/L28},
archivePrefix = {arXiv},
       eprint = {1207.4197},
 primaryClass = {astro-ph.IM},
       adsurl = {https://ui.adsabs.harvard.edu/abs/2012ApJ...755L..28S},
      adsnote = {Provided by the SAO/NASA Astrophysics Data System}
}

@book{bjerhammar1951,
  title={Application of calculus of matrices to method of least squares : with special reference to geodetic calculations},
  author={Bjerhammar, A.},
  lccn={52044784},
  series={Acta polytechnica},
  url={https://books.google.com/books?id=jbTvMQEACAAJ},
  year={1951},
  publisher={Elander}
}

@article{moore1920,
author = "Moore, E. H.",
fjournal = "Bulletin of the American Mathematical Society",
journal = "Bull. Amer. Math. Soc.",
month = "06",
number = "9",
pages = "385--396",
publisher = "American Mathematical Society",
title = "On the reciprocal of the general algebraic matrix",
url = "https://projecteuclid.org:443/euclid.bams/1183425340",
volume = "26",
year = "1920"
}

@article{penrose_1955, title={A generalized inverse for matrices}, volume={51}, DOI={10.1017/S0305004100030401}, number={3}, journal={Mathematical Proceedings of the Cambridge Philosophical Society}, publisher={Cambridge University Press}, author={Penrose, R.}, year={1955}, pages={406–413}}

@INPROCEEDINGS{falco,
       author = {{Riggs}, A.~J. Eldorado and {Ruane}, Garreth and {Sidick}, Erkin and
         {Coker}, Carl and {Kern}, Brian D. and {Shaklan}, Stuart B.},
        title = "{Fast linearized coronagraph optimizer (FALCO) I: a software toolbox for rapid coronagraphic design and wavefront correction}",
    booktitle = {\procspie},
         year = 2018,
       series = {Society of Photo-Optical Instrumentation Engineers (SPIE) Conference Series},
       volume = {10698},
        month = aug,
          eid = {106982V},
        pages = {106982V},
          doi = {10.1117/12.2313812},
       adsurl = {https://ui.adsabs.harvard.edu/abs/2018SPIE10698E..2VR},
      adsnote = {Provided by the SAO/NASA Astrophysics Data System}
}



@ARTICLE{chaware19,
       author = {{Chaware}, Amey and {Cooke}, Colin L. and {Kim}, Kanghyun and
         {Horstmeyer}, Roarke},
        title = "{Towards an Intelligent Microscope: adaptively learned illumination for optimal sample classification}",
      journal = {arXiv e-prints},
     keywords = {Electrical Engineering and Systems Science - Image and Video Processing, Computer Science - Computer Vision and Pattern Recognition, Computer Science - Machine Learning},
         year = 2019,
        month = oct,
          eid = {arXiv:1910.10209},
        pages = {arXiv:1910.10209},
archivePrefix = {arXiv},
       eprint = {1910.10209},
 primaryClass = {eess.IV},
       adsurl = {https://ui.adsabs.harvard.edu/abs/2019arXiv191010209C},
      adsnote = {Provided by the SAO/NASA Astrophysics Data System}
}


@article{muthumbi19,
author = {Alex Muthumbi and Amey Chaware and Kanghyun Kim and Kevin C. Zhou and Pavan Chandra Konda and Richard Chen and Benjamin Judkewitz and Andreas Erdmann and Barbara Kappes and Roarke Horstmeyer},
journal = {Biomed. Opt. Express},
keywords = {Illumination design; LED lighting; Multispectral imaging; Phase contrast; Phase imaging; Spatial light modulators},
number = {12},
pages = {6351--6369},
publisher = {OSA},
title = {Learned sensing: jointly optimized microscope hardware for accurate image classification},
volume = {10},
month = {Dec},
year = {2019},
url = {http://www.osapublishing.org/boe/abstract.cfm?URI=boe-10-12-6351},
doi = {10.1364/BOE.10.006351}}


@ARTICLE{kandel19,
       author = {{Kandel}, Saugat and {Maddali}, S. and {Allain}, Marc and
         {Hruszkewycz}, Stephan O. and {Jacobsen}, Chris and
         {Nashed}, Youssef S.~G.},
        title = "{Using automatic differentiation as a general framework for ptychographic reconstruction}",
      journal = {Optics Express},
     keywords = {Electrical Engineering and Systems Science - Image and Video Processing, Physics - Optics},
         year = 2019,
        month = jun,
       volume = {27},
       number = {13},
        pages = {18653},
          doi = {10.1364/OE.27.018653},
archivePrefix = {arXiv},
       eprint = {1902.03920},
 primaryClass = {eess.IV},
       adsurl = {https://ui.adsabs.harvard.edu/abs/2019OExpr..2718653K},
      adsnote = {Provided by the SAO/NASA Astrophysics Data System}
}



@INBOOK{swift,
       author = {{Pope}, Benjamin and {Thatte}, Niranjan and {Burruss}, Rick and
         {Tecza}, Matthias and {Clarke}, Fraser and {Cotter}, Garret},
        title = "{Wavefront sensing from the image domain with the Oxford-SWIFT integral field spectrograph}",
     keywords = {Astrophysics - Instrumentation and Methods for Astrophysics},
    booktitle = {\procspie},
         year = 2014,
       volume = {9148},
       series = {Society of Photo-Optical Instrumentation Engineers (SPIE) Conference Series},
          eid = {914859},
        pages = {914859},
          doi = {10.1117/12.2055334},
       adsurl = {https://ui.adsabs.harvard.edu/abs/2014SPIE.9148E..59P},
      adsnote = {Provided by the SAO/NASA Astrophysics Data System}
}


@ARTICLE{zimpol,
       author = {{Schmid}, H.~M. and {Bazzon}, A. and {Roelfsema}, R. and {Mouillet}, D. and
         {Milli}, J. and {Menard}, F. and {Gisler}, D. and {Hunziker}, S. and
         {Pragt}, J. and {Dominik}, C. and {Boccaletti}, A. and {Ginski}, C. and
         {Abe}, L. and {Antoniucci}, S. and {Avenhaus}, H. and {Baruffolo}, A. and
         {Baudoz}, P. and {Beuzit}, J.~L. and {Carbillet}, M. and {Chauvin}, G. and
         {Claudi}, R. and {Costille}, A. and {Daban}, J. -B. and {de Haan}, M. and
         {Desidera}, S. and {Dohlen}, K. and {Downing}, M. and {Elswijk}, E. and
         {Engler}, N. and {Feldt}, M. and {Fusco}, T. and {Girard}, J.~H. and
         {Gratton}, R. and {Hanenburg}, H. and {Henning}, Th. and {Hubin}, N. and
         {Joos}, F. and {Kasper}, M. and {Keller}, C.~U. and {Langlois}, M. and
         {Lagadec}, E. and {Martinez}, P. and {Mulder}, E. and {Pavlov}, A. and
         {Podio}, L. and {Puget}, P. and {Quanz}, S.~P. and {Rigal}, F. and
         {Salasnich}, B. and {Sauvage}, J. -F. and {Schuil}, M. and
         {Siebenmorgen}, R. and {Sissa}, E. and {Snik}, F. and {Suarez}, M. and
         {Thalmann}, Ch. and {Turatto}, M. and {Udry}, S. and {van Duin}, A. and
         {van Holstein}, R.~G. and {Vigan}, A. and {Wildi}, F.},
        title = "{SPHERE/ZIMPOL high resolution polarimetric imager. I. System overview, PSF parameters, coronagraphy, and polarimetry}",
      journal = {\aap},
     keywords = {instrumentation: adaptive optics, instrumentation: high angular resolution, instrumentation: polarimeters, instrumentation: detectors, planetary systems, circumstellar matter, Astrophysics - Instrumentation and Methods for Astrophysics},
         year = 2018,
        month = nov,
       volume = {619},
          eid = {A9},
        pages = {A9},
          doi = {10.1051/0004-6361/201833620},
archivePrefix = {arXiv},
       eprint = {1808.05008},
 primaryClass = {astro-ph.IM},
       adsurl = {https://ui.adsabs.harvard.edu/abs/2018A&A...619A...9S},
      adsnote = {Provided by the SAO/NASA Astrophysics Data System}
}


@INPROCEEDINGS{bendek18,
       author = {{Bendek}, Eduardo and {Tuthill}, Peter and {Guyon}, Olivier and
         {Vasisht}, Gautam and {Belikov}, Ruslan and {Larkin}, Kieran and
         {Beichman}, Charles and {Shao}, Michael and {Mamajek}, Eric and
         {Sirbu}, Dan and {Coyle}, Laura},
        title = "{Precision astrometry mission for exoplanet detection around binary stars}",
    booktitle = {\procspie},
         year = 2018,
       series = {Society of Photo-Optical Instrumentation Engineers (SPIE) Conference Series},
       volume = {10698},
        month = aug,
          eid = {106980G},
        pages = {106980G},
          doi = {10.1117/12.2313919},
       adsurl = {https://ui.adsabs.harvard.edu/abs/2018SPIE10698E..0GB},
      adsnote = {Provided by the SAO/NASA Astrophysics Data System}
}


% -------------------
% Software
% -------------------


@Article{ipython, Author = {P\'erez, Fernando and Granger, Brian E.}, Title = {{IP}ython: a System for Interactive Scientific Computing}, Journal = {Computing in Science and Engineering}, Volume = {9}, Number = {3}, Pages = {21--29}, month = may, year = 2007, url = "http://ipython.org", ISSN = "1521-9615", doi = {10.1109/MCSE.2007.53}, publisher = {IEEE Computer Society}, }

@misc{scipy, title = {{SciPy}: Open source scientific tools for Python}, url = {http://www.scipy.org/}, author = {Jones, E. and Oliphant, T. and Peterson, P. and Others}, year = {2001} }

@Article{matplotlib, Author = {Hunter, J. D.}, Title = {Matplotlib: A 2D graphics environment}, Journal = {Computing In Science \& Engineering}, Volume = {9}, Number = {3}, Pages = {90--95}, abstract = {Matplotlib is a 2D graphics package used for Python for application development, interactive scripting, and publication-quality image generation across user interfaces and operating systems.}, publisher = {IEEE COMPUTER SOC}, year = 2007 }

@ARTICLE{astropy, author = {{Astropy Collaboration} and {Robitaille}, T.~P. and {Tollerud}, E.~J. and {Greenfield}, P. and {Droettboom}, M. and {Bray}, E. and {Aldcroft}, T. and {Davis}, M. and {Ginsburg}, A. and {Price-Whelan}, A.~M. and {Kerzendorf}, W.~E. and {Conley}, A. and {Crighton}, N. and {Barbary}, K. and {Muna}, D. and {Ferguson}, H. and {Grollier}, F. and {Parikh}, M.~M. and {Nair}, P.~H. and {Unther}, H.~M. and {Deil}, C. and {Woillez}, J. and {Conseil}, S. and {Kramer}, R. and {Turner}, J.~E.~H. and {Singer}, L. and {Fox}, R. and {Weaver}, B.~A. and {Zabalza}, V. and {Edwards}, Z.~I. and {Azalee Bostroem}, K. and {Burke}, D.~J. and {Casey}, A.~R. and {Crawford}, S.~M. and {Dencheva}, N. and {Ely}, J. and {Jenness}, T. and {Labrie}, K. and {Lim}, P.~L. and {Pierfederici}, F. and {Pontzen}, A. and {Ptak}, A. and {Refsdal}, B. and {Servillat}, M. and {Streicher}, O.}, title = "{Astropy: A community Python package for astronomy}", journal = {\aap}, archivePrefix = "arXiv", eprint = {1307.6212}, primaryClass = "astro-ph.IM", keywords = {methods: data analysis, methods: miscellaneous, virtual observatory tools}, year = 2013, month = oct, volume = 558, eid = {A33}, pages = {A33}, doi = {10.1051/0004-6361/201322068}, adsurl = {http://adsabs.harvard.edu/abs/2013A%26A...558A..33A}, adsnote = {Provided by the SAO/NASA Astrophysics Data System} }

@article{numpy, title={The NumPy array: a structure for efficient numerical computation}, author={Van Der Walt, Stefan and Colbert, S Chris and Varoquaux, Gael}, journal={Computing in Science \& Engineering}, volume={13}, number={2}, pages={22--30}, year={2011}, publisher={AIP Publishing} }


@INBOOK{webbpsf,
       author = {{Perrin}, Marshall D. and {Soummer}, R{\'e}mi and {Elliott}, Erin M. and
         {Lallo}, Matthew D. and {Sivaramakrishnan}, Anand},
        title = "{Simulating point spread functions for the James Webb Space Telescope with WebbPSF}",
    booktitle = {\procspie},
         year = 2012,
       volume = {8442},
       series = {Society of Photo-Optical Instrumentation Engineers (SPIE) Conference Series},
          eid = {84423D},
        pages = {84423D},
          doi = {10.1117/12.925230},
       adsurl = {https://ui.adsabs.harvard.edu/abs/2012SPIE.8442E..3DP},
      adsnote = {Provided by the SAO/NASA Astrophysics Data System}
}


@INBOOK{poppy,
       author = {{Perrin}, Marshall D. and {Soummer}, R{\'e}mi and {Elliott}, Erin M. and
         {Lallo}, Matthew D. and {Sivaramakrishnan}, Anand},
        title = "{Simulating point spread functions for the James Webb Space Telescope with WebbPSF}",
    booktitle = {\procspie},
         year = "2012",
       volume = {8442},
       series = {Society of Photo-Optical Instrumentation Engineers (SPIE) Conference Series},
          eid = {84423D},
        pages = {84423D},
          doi = {10.1117/12.925230},
       adsurl = {https://ui.adsabs.harvard.edu/abs/2012SPIE.8442E..3DP},
      adsnote = {Provided by the SAO/NASA Astrophysics Data System}
}


@software{jax,
  author = {James Bradbury and Roy Frostig and Peter Hawkins and Matthew James Johnson and Chris Leary and Dougal Maclaurin and Skye Wanderman-Milne},
  title = {{JAX}: composable transformations of {P}ython+{N}um{P}y programs},
  url = {http://github.com/google/jax},
  version = {0.1.55},
  year = {2018},
}

@inproceedings{autograd,
  title={Autograd: Effortless gradients in numpy},
  author={Maclaurin, Dougal and Duvenaud, David and Adams, Ryan P},
  booktitle={ICML 2015 AutoML Workshop},
  volume={238},
  year={2015}
}

@misc{tensorflow2015,
title={{TensorFlow}: Large-Scale Machine Learning on Heterogeneous Systems},
url={http://tensorflow.org/},
note={Software available from tensorflow.org},
author={
    Mart\'{\i}n~Abadi and
    Ashish~Agarwal and
    Paul~Barham and
    Eugene~Brevdo and
    Zhifeng~Chen and
    Craig~Citro and
    Greg~S.~Corrado and
    Andy~Davis and
    Jeffrey~Dean and
    Matthieu~Devin and
    Sanjay~Ghemawat and
    Ian~Goodfellow and
    Andrew~Harp and
    Geoffrey~Irving and
    Michael~Isard and
    Yangqing Jia and
    Rafal~Jozefowicz and
    Lukasz~Kaiser and
    Manjunath~Kudlur and
    Josh~Levenberg and
    Dan~Man\'{e} and
    Rajat~Monga and
    Sherry~Moore and
    Derek~Murray and
    Chris~Olah and
    Mike~Schuster and
    Jonathon~Shlens and
    Benoit~Steiner and
    Ilya~Sutskever and
    Kunal~Talwar and
    Paul~Tucker and
    Vincent~Vanhoucke and
    Vijay~Vasudevan and
    Fernanda~Vi\'{e}gas and
    Oriol~Vinyals and
    Pete~Warden and
    Martin~Wattenberg and
    Martin~Wicke and
    Yuan~Yu and
    Xiaoqiang~Zheng},
  year={2015},
}

@ARTICLE{theano,
   author = {{Theano Development Team}},
    title = "{Theano: A {Python} framework for fast computation of mathematical expressions}",
  journal = {arXiv e-prints},
   volume = {abs/1605.02688},
 primaryClass = "cs.SC",
 keywords = {Computer Science - Symbolic Computation, Computer Science - Learning, Computer Science - Mathematical Software},
     year = 2016,
    month = may,
      url = {http://arxiv.org/abs/1605.02688},
}
@ARTICLE{zernike34,
       author = {{Zernike}, von F.},
        title = "{Beugungstheorie des schneidenver-fahrens und seiner verbesserten form, der phasenkontrastmethode}",
      journal = {Physica},
         year = 1934,
        month = may,
       volume = {1},
       number = {7},
        pages = {689-704},
          doi = {10.1016/S0031-8914(34)80259-5},
       adsurl = {https://ui.adsabs.harvard.edu/abs/1934Phy.....1..689Z},
      adsnote = {Provided by the SAO/NASA Astrophysics Data System}
}


@incollection{pytorch,
title = {PyTorch: An Imperative Style, High-Performance Deep Learning Library},
author = {Paszke, Adam and Gross, Sam and Massa, Francisco and Lerer, Adam and Bradbury, James and Chanan, Gregory and Killeen, Trevor and Lin, Zeming and Gimelshein, Natalia and Antiga, Luca and Desmaison, Alban and Kopf, Andreas and Yang, Edward and DeVito, Zachary and Raison, Martin and Tejani, Alykhan and Chilamkurthy, Sasank and Steiner, Benoit and Fang, Lu and Bai, Junjie and Chintala, Soumith},
booktitle = {Advances in Neural Information Processing Systems 32},
editor = {H. Wallach and H. Larochelle and A. Beygelzimer and F. d\textquotesingle Alch\'{e}-Buc and E. Fox and R. Garnett},
pages = {8024--8035},
year = {2019},
publisher = {Curran Associates, Inc.},
url = {https://bit.ly/2UTbIir}
}

@ARTICLE{julia,
       author = {{Bezanson}, Jeff and {Karpinski}, Stefan and {Shah}, Viral B. and
         {Edelman}, Alan},
        title = "{Julia: A Fast Dynamic Language for Technical Computing}",
      journal = {arXiv e-prints},
     keywords = {Computer Science - Programming Languages, Computer Science - Computational Engineering, Finance, and Science, D.3.2},
         year = "2012",
        month = "Sep",
          eid = {arXiv:1209.5145},
        pages = {arXiv:1209.5145},
archivePrefix = {arXiv},
       eprint = {1209.5145},
 primaryClass = {cs.PL},
       adsurl = {https://ui.adsabs.harvard.edu/abs/2012arXiv1209.5145B},
      adsnote = {Provided by the SAO/NASA Astrophysics Data System}
}

@article{sitzmann2018,
  title={End-to-end optimization of optics and image processing for achromatic extended depth of field and super-resolution imaging},
  author={Sitzmann, Vincent and Diamond, Steven and Peng, Yifan and Dun, Xiong and Boyd, Stephen and Heidrich, Wolfgang and Heide, Felix and Wetzstein, Gordon},
  journal={ACM Transactions on Graphics (TOG)},
  volume={37},
  number={4},
  pages={114},
  year={2018},
  publisher={ACM}
}

@ARTICLE{rieke15,
       author = {{Rieke}, G.~H. and {Ressler}, M.~E. and {Morrison}, Jane E. and
         {Bergeron}, L. and {Bouchet}, Patrice and
         {Garc{\'\i}a-Mar{\'\i}n}, Macarena and {Greene}, T.~P. and
         {Regan}, M.~W. and {Sukhatme}, K.~G. and {Walker}, Helen},
        title = "{The Mid-Infrared Instrument for the James Webb Space Telescope, VII: The MIRI Detectors}",
      journal = {\pasp},
     keywords = {Astrophysics - Instrumentation and Methods for Astrophysics},
         year = "2015",
        month = "Jul",
       volume = {127},
       number = {953},
        pages = {665},
          doi = {10.1086/682257},
archivePrefix = {arXiv},
       eprint = {1508.02362},
 primaryClass = {astro-ph.IM},
       adsurl = {https://ui.adsabs.harvard.edu/abs/2015PASP..127..665R},
      adsnote = {Provided by the SAO/NASA Astrophysics Data System}
}

@INPROCEEDINGS{paine19,
       author = {{Paine}, Scott W. and {Fienup}, James R.},
        title = "{Machine learning for avoiding stagnation in image-based wavefront sensing}",
    booktitle = {\procspie},
         year = "2019",
       series = {Society of Photo-Optical Instrumentation Engineers (SPIE) Conference Series},
       volume = {10980},
        month = "May",
          eid = {109800T},
        pages = {109800T},
          doi = {10.1117/12.2519884},
       adsurl = {https://ui.adsabs.harvard.edu/abs/2019SPIE10980E..0TP},
      adsnote = {Provided by the SAO/NASA Astrophysics Data System}
}

@ARTICLE{jurling14,
       author = {{Jurling}, Alden S. and {Fienup}, James R.},
        title = "{Applications of algorithmic differentiation to phase retrieval algorithms}",
      journal = {Journal of the Optical Society of America A},
         year = "2014",
        month = "Jul",
       volume = {31},
       number = {7},
        pages = {1348},
          doi = {10.1364/JOSAA.31.001348},
       adsurl = {https://ui.adsabs.harvard.edu/abs/2014JOSAA..31.1348J},
      adsnote = {Provided by the SAO/NASA Astrophysics Data System}
}

@article{werner2012automatic,
  title={Automatic Differentiation in the Optimization of Imaging Optical Systems},
  author={Werner, J{\"u}rgen and Hillenbrand, Matthias and Hoffmann, Armin and Sinzinger, Stefan and others},
  journal={Schedae Informaticae},
  volume={2012},
  number={Volume 21},
  pages={169--175},
  year={2012},
  publisher={Portal Czasopism Naukowych Ejournals. eu}
}

@article{Sitzmann:2018:EndToEndCam,
author = {V. Sitzmann, S. Diamond, Y. Peng, X. Dun, S. Boyd, W. Heidrich, F. Heide, G. Wetzstein},
title = {End-to-end Optimization of Optics and Image Processing for Achromatic Extended Depth of Field and Super-resolution Imaging},
journal = {ACM Trans. Graph. (SIGGRAPH)},
year = {2018}
}


% -------------------
% Historical
% -------------------

@Article{zernike38,
  author	= {{Zernike}, F.},
  title		= "{The concept of degree of coherence and its application to
		  optical problems}",
  journal	= {Physica},
  year		= 1938,
  month		= aug,
  volume	= 5,
  pages		= {785-795},
  doi		= {10.1016/S0031-8914(38)80203-2},
  adsurl	= {http://adsabs.harvard.edu/abs/1938Phy.....5..785Z},
  adsnote	= {Provided by the SAO/NASA Astrophysics Data System}
}
@Article{vc34,
  author	= {{van Cittert}, P.~H.},
  title		= "{Die Wahrscheinliche Schwingungsverteilung in Einer von Einer Lichtquelle Direkt Oder Mittels Einer Linse Beleuchteten Ebene}",
  journal	= {Physica},
  year		= 1934,
  volume	= 1,
  pages		= {201-210},
  doi		= {10.1016/S0031-8914(34)90026-4},
  adsurl	= {http://adsabs.harvard.edu/abs/1934Phy.....1..201V},
  adsnote	= {Provided by the SAO/NASA Astrophysics Data System}
}

@ARTICLE{fizeau1868,
   author = {{Fizeau}, H.},
    title = "{Prix Borodin: Rapport sur le concours de l'ann\'{e}e 1867}",
  journal = {Comptes Rendus de l'Acad\'{e}mie des Sciences},
     year = 1868,
   volume = 66,
    pages = 932
}


@ARTICLE{jennison58,
   author = {{Jennison}, R.~C.},
    title = "{A phase sensitive interferometer technique for the measurement of the Fourier transforms of spatial brightness distributions of small angular extent}",
  journal = {\mnras},
     year = 1958,
   volume = 118,
    pages = {276},
      doi = {10.1093/mnras/118.3.276},
   adsurl = {https://ui.adsabs.harvard.edu/abs/1958MNRAS.118..276J},
  adsnote = {Provided by the SAO/NASA Astrophysics Data System}
}


@Article{twiss60,
  author	= {{Twiss}, R.~Q. and {Carter}, A.~W.~L. and {Little},
		  A.~G.},
  title		= "{Brightness distribution over some strong radio sources at
		  1427 Mc/s}",
  journal	= {The Observatory},
  year		= 1960,
  month		= aug,
  volume	= 80,
  pages		= {153-159},
  adsurl	= {http://adsabs.harvard.edu/abs/1960Obs....80..153T},
  adsnote	= {Provided by the SAO/NASA Astrophysics Data System}
}

@phdthesis{martinache_habilitation, 
author={Martinache, Frantz},
Type = {Habilitation},
title={`Repousser les limites de la diffraction pour l'astronomie \`a haute r\'esolution angulaire'},
school = {Universit\'e de Nice Sophia Antipolis},
year={2018},
url={http://frantzmartinache.eu/static/share/hdr_no_papers.pdf}}

@Article{lannes1991,
  author	= {{Lannes}, A.},
  title		= "{Phase and amplitude calibration in aperture synthesis.
		  Algebraic structures}",
  journal	= {Inverse Problems},
  year		= 1991,
  month		= apr,
  volume	= 7,
  pages		= {261-298},
  doi		= {10.1088/0266-5611/7/2/009},
  adsurl	= {http://adsabs.harvard.edu/abs/1991InvPr...7..261L},
  adsnote	= {Provided by the SAO/NASA Astrophysics Data System}
}

@article{linnainmaa1970,
  title={The representation of the cumulative rounding error of an algorithm as a Taylor expansion of the local rounding errors},
  author={Linnainmaa, Seppo},
  journal={Master's Thesis (in Finnish), Univ. Helsinki},
  pages={6--7},
  year={1970}
}

@ARTICLE{malbet95,
   author = {{Malbet}, F. and {Yu}, J.~W. and {Shao}, M.},
    title = "{High-Dynamic-Range Imaging Using a Deformable Mirror for Space Coronography}",
  journal = {\pasp},
   eprint = {astro-ph/9502042},
 keywords = {TECHNIQUES: IMAGE PROCESSING, METHODS: NUMERICAL},
     year = 1995,
    month = apr,
   volume = 107,
    pages = {386},
      doi = {10.1086/133563},
   adsurl = {https://ui.adsabs.harvard.edu/abs/1995PASP..107..386M},
  adsnote = {Provided by the SAO/NASA Astrophysics Data System}
}
@ARTICLE{lafreniere07,
       author = {{Lafreni{\`e}re}, David and {Marois}, Christian and {Doyon}, Ren{\'e} and
         {Nadeau}, Daniel and {Artigau}, {\'E}tienne},
        title = "{A New Algorithm for Point-Spread Function Subtraction in High-Contrast Imaging: A Demonstration with Angular Differential Imaging}",
      journal = {\apj},
     keywords = {Instrumentation: Adaptive Optics, Stars: Planetary Systems, Stars: Imaging, Techniques: High Angular Resolution, Techniques: Image Processing, Astrophysics},
         year = 2007,
        month = may,
       volume = {660},
       number = {1},
        pages = {770-780},
          doi = {10.1086/513180},
archivePrefix = {arXiv},
       eprint = {astro-ph/0702697},
 primaryClass = {astro-ph},
       adsurl = {https://ui.adsabs.harvard.edu/abs/2007ApJ...660..770L},
      adsnote = {Provided by the SAO/NASA Astrophysics Data System}
}

@ARTICLE{laugier20,
       author = {{Laugier}, Romain and {Martinache}, Frantz and {Cvetojevic}, Nick and
         {Mary}, David and {Ceau}, Alban and {N'Diaye}, Mamadou and
         {Kammerer}, Jens and {Lozi}, Julien and {Guyon}, Olivier and
         {Lopez}, Coline},
        title = "{Angular differential kernel phases}",
      journal = {\aap},
     keywords = {instrumentation: high angular resolution, techniques: image processing, techniques: interferometric, methods: numerical, Astrophysics - Instrumentation and Methods for Astrophysics},
         year = 2020,
        month = apr,
       volume = {636},
          eid = {A21},
        pages = {A21},
          doi = {10.1051/0004-6361/201937121},
archivePrefix = {arXiv},
       eprint = {2003.04020},
 primaryClass = {astro-ph.IM},
       adsurl = {https://ui.adsabs.harvard.edu/abs/2020A&A...636A..21L},
      adsnote = {Provided by the SAO/NASA Astrophysics Data System}
}


@ARTICLE{marois06,
       author = {{Marois}, Christian and {Lafreni{\`e}re}, David and {Doyon}, Ren{\'e} and
         {Macintosh}, Bruce and {Nadeau}, Daniel},
        title = "{Angular Differential Imaging: A Powerful High-Contrast Imaging Technique}",
      journal = {\apj},
     keywords = {Instrumentation: Adaptive Optics, Stars: Planetary Systems, Stars: Imaging, Astrophysics},
         year = 2006,
        month = apr,
       volume = {641},
       number = {1},
        pages = {556-564},
          doi = {10.1086/500401},
archivePrefix = {arXiv},
       eprint = {astro-ph/0512335},
 primaryClass = {astro-ph},
       adsurl = {https://ui.adsabs.harvard.edu/abs/2006ApJ...641..556M},
      adsnote = {Provided by the SAO/NASA Astrophysics Data System}
}


@ARTICLE{cantalloube15,
       author = {{Cantalloube}, F. and {Mouillet}, D. and {Mugnier}, L.~M. and
         {Milli}, J. and {Absil}, O. and {Gomez Gonzalez}, C.~A. and
         {Chauvin}, G. and {Beuzit}, J. -L. and {Cornia}, A.},
        title = "{Direct exoplanet detection and characterization using the ANDROMEDA method: Performance on VLT/NaCo data}",
      journal = {\aap},
     keywords = {techniques: image processing, techniques: high angular resolution, instrumentation: adaptive optics, methods: data analysis, planets and satellites: detection, Astrophysics - Instrumentation and Methods for Astrophysics},
         year = 2015,
        month = oct,
       volume = {582},
          eid = {A89},
        pages = {A89},
          doi = {10.1051/0004-6361/201425571},
archivePrefix = {arXiv},
       eprint = {1508.06406},
 primaryClass = {astro-ph.IM},
       adsurl = {https://ui.adsabs.harvard.edu/abs/2015A&A...582A..89C},
      adsnote = {Provided by the SAO/NASA Astrophysics Data System}
}



@ARTICLE{lecun15,
   author = {{LeCun}, Y. and {Bengio}, Y. and {Hinton}, G.},
    title = "{Deep learning}",
  journal = {\nat},
     year = 2015,
    month = may,
   volume = 521,
    pages = {436-444},
      doi = {10.1038/nature14539},
   adsurl = {https://ui.adsabs.harvard.edu/abs/2015Natur.521..436L},
  adsnote = {Provided by the SAO/NASA Astrophysics Data System}
}

@Article{lyot30,
  author	= {{Lyot}, Bernard},
  title		= "{La couronne solaire {\'e}tudi{\'e}e en dehors des
		  {\'e}clipses}",
  journal	= {Bulletin Astronomique},
  year		= 1930,
  volume	= 6,
  pages		= {305-316},
  adsurl	= {http://adsabs.harvard.edu/abs/1930BuAst...6..305L},
  adsnote	= {Provided by the SAO/NASA Astrophysics Data System}
}
